<?xml version="1.0" encoding="UTF-8"?><collection xmlns="http://www.loc.gov/MARC21/slim"><record><leader>00609nam--2200205-i-4500</leader><controlfield tag="001">000041200</controlfield><controlfield tag="002">20161230</controlfield><controlfield tag="005">20161230201043</controlfield><controlfield tag="008">060222s1000------------r-----000-0-eng-d</controlfield><datafield ind1=" " ind2=" " tag="020"><subfield code="a">0127521151</subfield></datafield><datafield ind1=" " ind2=" " tag="040"><subfield code="a">IFIN-HH</subfield></datafield><datafield ind1=" " ind2=" " tag="080"><subfield code="a">537.311.33</subfield></datafield><datafield ind1="1" ind2=" " tag="100"><subfield code="a">Willardson, R. K</subfield></datafield><datafield ind1="1" ind2="0" tag="245"><subfield code="a">Semiconductors and semimetals</subfield><subfield code="b">Volume 15: contacts, junctions, emitters</subfield><subfield code="c">R.k. willardson, albert c. beer (eds.)</subfield></datafield><datafield ind1=" " ind2=" " tag="260"><subfield code="a">New York</subfield><subfield code="b">Academic Press</subfield><subfield code="c">1981</subfield></datafield><datafield ind1=" " ind2=" " tag="300"><subfield code="a">315P</subfield></datafield><datafield ind1=" " ind2=" " tag="490"><subfield code="a">Semiconductors And Semimetals</subfield></datafield><datafield ind1=" " ind2=" " tag="700"><subfield code="a">Beer, Albert C</subfield><subfield code="e">Ed</subfield></datafield><datafield ind1=" " ind2=" " tag="852"><subfield code="a">24823</subfield><subfield code="c">537.311.33</subfield></datafield><datafield ind1=" " ind2=" " tag="CAT"><subfield code="a">Sys</subfield><subfield code="c">20110720</subfield><subfield code="h">130332</subfield></datafield></record></collection>